
@Book{fellbaum1998,
  title     = {WordNet},
  publisher = {Wiley Online Library},
  year      = {1998},
  author    = {Fellbaum, Christiane},
}

@InProceedings{muller2006,
  author       = {Muller, Philippe and Hathout, Nabil and Gaume, Bruno},
  title        = {Synonym extraction using a semantic distance on a dictionary},
  booktitle    = {Proceedings of the First Workshop on Graph Based Methods for Natural Language Processing},
  year         = {2006},
  pages        = {65--72},
  organization = {Association for Computational Linguistics},
}

@InProceedings{lin2003,
  author    = {Lin, Dekang and Zhao, Shaojun and Qin, Lijuan and Zhou, Ming},
  title     = {Identifying synonyms among distributionally similar words},
  booktitle = {IJCAI},
  year      = {2003},
  volume    = {3},
  pages     = {1492--1493},
}

@InProceedings{wang2009,
  author    = {Wang, Tong and Hirst, Graeme},
  title     = {Extracting Synonyms from Dictionary Definitions.},
  booktitle = {RANLP},
  year      = {2009},
  pages     = {471--477},
}

@Misc{thalenberg2017,
  author  = {Thalenberg, Bruna},
  title   = {Diferenciação entre sinônimos e antônimos em espaços lexicais},
  year    = {2017},
  journal = {Universidade de São Paulo},
}

@InProceedings{mikolov2013,
  author    = {Mikolov, Tomas and Sutskever, Ilya and Chen, Kai and Corrado, Greg S and Dean, Jeff},
  title     = {Distributed representations of words and phrases and their compositionality},
  booktitle = {Advances in neural information processing systems},
  year      = {2013},
  pages     = {3111--3119},
}

@Book{widdows2004geometry,
  title     = {Geometry and meaning},
  publisher = {CSLI publications Stanford},
  year      = {2004},
  author    = {Widdows, Dominic and Widdows, Dominic},
  volume    = {773},
}

@InProceedings{scheible2013uncovering,
  author       = {Scheible, Silke and Im Walde, Sabine Schulte and Springorum, Sylvia},
  title        = {Uncovering Distributional Differences between Synonyms and Antonyms in a Word Space Model.},
  booktitle    = {IJCNLP},
  year         = {2013},
  pages        = {489--497},
  organization = {Citeseer},
}

@book{landauer2006latent,
  title={Latent semantic analysis},
  author={Landauer, Thomas K},
  year={2006},
  publisher={Wiley Online Library}
}

@inproceedings{pennington2014glove,
  title={Glove: Global vectors for word representation},
  author={Pennington, Jeffrey and Socher, Richard and Manning, Christopher},
  booktitle={Proceedings of the 2014 conference on empirical methods in natural language processing (EMNLP)},
  pages={1532--1543},
  year={2014}
}

@Comment{jabref-meta: databaseType:bibtex;}
