% Encoding: UTF-8

@Book{fellbaum1998,
  title     = {WordNet},
  publisher = {Wiley Online Library},
  year      = {1998},
  author    = {Fellbaum, Christiane},
}

@Misc{rosch1978,
  author    = {Rosch, Eleanor},
  title     = {Principles of categorization. Cognition and categorization, ed. by Eleanor Rosch \& Barbara B. Lloyd, 27-48},
  year      = {1978},
  publisher = {Hillsdale, NJ: Lawrence Erbaum Associates},
}

@Book{houaiss2003,
  title     = {Houaiss eletr{\^o}nico},
  publisher = {Ed. Objetiva},
  year      = {2003},
  author    = {Houaiss, Ant{\^o}nio},
}

@Article{blondel2002,
  author  = {Blondel, Vincent D and Senellart, Pierre P},
  title   = {Automatic extraction of synonyms in a dictionary},
  journal = {vertex},
  year    = {2002},
  volume  = {1},
  pages   = {x1},
}

@InProceedings{muller2006,
  author       = {Muller, Philippe and Hathout, Nabil and Gaume, Bruno},
  title        = {Synonym extraction using a semantic distance on a dictionary},
  booktitle    = {Proceedings of the First Workshop on Graph Based Methods for Natural Language Processing},
  year         = {2006},
  pages        = {65--72},
  organization = {Association for Computational Linguistics},
}

@InProceedings{lin2003,
  author    = {Lin, Dekang and Zhao, Shaojun and Qin, Lijuan and Zhou, Ming},
  title     = {Identifying synonyms among distributionally similar words},
  booktitle = {IJCAI},
  year      = {2003},
  volume    = {3},
  pages     = {1492--1493},
}

@Book{manning2008,
  title     = {Introduction to information retrieval},
  publisher = {Cambridge university press Cambridge},
  year      = {2008},
  author    = {Manning, Christopher D and Raghavan, Prabhakar and Sch{\"u}tze, Hinrich and others},
  volume    = {1},
  number    = {1},
}

@Misc{jurafsky2000,
  author    = {Jurafsky, Daniel and Martin, James H},
  title     = {Speech and language processing: An introduction to natural language processing, computational linguistics, and speech recognition},
  year      = {2000},
  publisher = {Prentice Hall},
}

@Article{abacha2011,
  author    = {Abacha, Asma Ben and Zweigenbaum, Pierre},
  title     = {Automatic extraction of semantic relations between medical entities: a rule based approach},
  journal   = {Journal of biomedical semantics},
  year      = {2011},
  volume    = {2},
  number    = {5},
  pages     = {S4},
  publisher = {BioMed Central},
}

@InProceedings{ruiz2005,
  author       = {Ruiz-Casado, Maria and Alfonseca, Enrique and Castells, Pablo},
  title        = {Automatic extraction of semantic relationships for wordnet by means of pattern learning from wikipedia},
  booktitle    = {International Conference on Application of Natural Language to Information Systems},
  year         = {2005},
  pages        = {67--79},
  organization = {Springer},
}

@Misc{taba2013,
  author    = {Taba, Leonardo Sameshima},
  title     = {Extra{\c{c}}{\~a}o autom{\'a}tica de rela{\c{c}}{\~o}es sem{\^a}nticas a partir de textos escritos em portugu{\^e}s do Brasil},
  year      = {2013},
  publisher = {Universidade Federal de S{\~a}o Carlos},
}

@Misc{zettlemoyer2010,
  author = {Zettlemoyer, Luke},
  title  = {CSE 517: Natural Language Processing - Slides on Relationship Extraction},
  year   = {2010},
}

@Misc{jurafsky2010,
  author = {Jurafsky, Daniel},
  title  = {CS 124: From languages to information- Slides on Relationship Extraction},
  year   = {2010},
}

@InProceedings{wu2003,
  author       = {Wu, Hua and Zhou, Ming},
  title        = {Optimizing synonym extraction using monolingual and bilingual resources},
  booktitle    = {Proceedings of the second international workshop on Paraphrasing-Volume 16},
  year         = {2003},
  pages        = {72--79},
  organization = {Association for Computational Linguistics},
}

@InProceedings{gasperin2001,
  author    = {Gasperin, Caroline and Gamallo, Pablo and Agustini, Alexandre and Lopes, Gabriel and De Lima, Vera and others},
  title     = {Using syntactic contexts for measuring word similarity},
  booktitle = {Proceedings of the Workshop on Semantic Knowledge Acquisition and Categorisation},
  year      = {2001},
}

@InProceedings{wang2009,
  author    = {Wang, Tong and Hirst, Graeme},
  title     = {Extracting Synonyms from Dictionary Definitions.},
  booktitle = {RANLP},
  year      = {2009},
  pages     = {471--477},
}

@Misc{thalenberg2017,
  author  = {Thalenberg, Bruna},
  title   = {Diferenciação entre sinônimos e antônimos em espaços lexicais},
  year    = {2017},
  journal = {Universidade de São Paulo},
}

@Article{vincent2016,
  author    = {Vincent-Lamarre, Philippe and Mass{\'e}, Alexandre Blondin and Lopes, Marcos and Lord, M{\'e}lanie and Marcotte, Odile and Harnad, Stevan},
  title     = {The latent structure of dictionaries},
  journal   = {Topics in Cognitive Science},
  year      = {2016},
  volume    = {8},
  number    = {3},
  pages     = {625--659},
  publisher = {Wiley Online Library},
}

@Article{baroni2014,
  author  = {Baroni, Marco and Bernardi, Raffaela and Zamparelli, Roberto},
  title   = {Frege in space: A program of compositional distributional semantics},
  journal = {LiLT (Linguistic Issues in Language Technology)},
  year    = {2014},
  volume  = {9},
}

@InProceedings{hearst1992,
  author       = {Hearst, Marti A},
  title        = {Automatic acquisition of hyponyms from large text corpora},
  booktitle    = {Proceedings of the 14th conference on Computational linguistics-Volume 2},
  year         = {1992},
  pages        = {539--545},
  organization = {Association for Computational Linguistics},
}

@InProceedings{mintz2009,
  author       = {Mintz, Mike and Bills, Steven and Snow, Rion and Jurafsky, Dan},
  title        = {Distant supervision for relation extraction without labeled data},
  booktitle    = {Proceedings of the Joint Conference of the 47th Annual Meeting of the ACL and the 4th International Joint Conference on Natural Language Processing of the AFNLP: Volume 2-Volume 2},
  year         = {2009},
  pages        = {1003--1011},
  organization = {Association for Computational Linguistics},
}

@InProceedings{guodong2005,
  author       = {GuoDong, Zhou and Jian, Su and Jie, Zhang and Min, Zhang},
  title        = {Exploring various knowledge in relation extraction},
  booktitle    = {Proceedings of the 43rd annual meeting on association for computational linguistics},
  year         = {2005},
  pages        = {427--434},
  organization = {Association for Computational Linguistics},
}

@InProceedings{mikolov2013,
  author    = {Mikolov, Tomas and Sutskever, Ilya and Chen, Kai and Corrado, Greg S and Dean, Jeff},
  title     = {Distributed representations of words and phrases and their compositionality},
  booktitle = {Advances in neural information processing systems},
  year      = {2013},
  pages     = {3111--3119},
}

@Article{norvig2011chomsky,
  author  = {Norvig, Peter},
  title   = {On Chomsky and the two cultures of statistical learning},
  journal = {Author Homepage},
  year    = {2011},
}

@Book{garson1998neural,
  title     = {Neural networks: An introductory guide for social scientists},
  publisher = {Sage},
  year      = {1998},
  author    = {Garson, G David},
}

@Article{goldberg2017neural,
  author    = {Goldberg, Yoav},
  title     = {Neural Network Methods for Natural Language Processing},
  journal   = {Synthesis Lectures on Human Language Technologies},
  year      = {2017},
  volume    = {10},
  number    = {1},
  pages     = {1--309},
  publisher = {Morgan \& Claypool Publishers},
}

@Book{widdows2004geometry,
  title     = {Geometry and meaning},
  publisher = {CSLI publications Stanford},
  year      = {2004},
  author    = {Widdows, Dominic and Widdows, Dominic},
  volume    = {773},
}

@InProceedings{scheible2013uncovering,
  author       = {Scheible, Silke and Im Walde, Sabine Schulte and Springorum, Sylvia},
  title        = {Uncovering Distributional Differences between Synonyms and Antonyms in a Word Space Model.},
  booktitle    = {IJCNLP},
  year         = {2013},
  pages        = {489--497},
  organization = {Citeseer},
}

@Article{hoffmann2015extreme,
  author  = {Hoffmann, Raphael and Zettlemoyer, Luke and Weld, Daniel S},
  title   = {Extreme extraction: Only one hour per relation},
  journal = {arXiv preprint arXiv:1506.06418},
  year    = {2015},
}

@MastersThesis{guide2016,
  author = {Guide, Bruno},
  title  = {Abordagem computacional para a questão do acento no português brasileiro},
  school = {Universidade de São Paulo},
  year   = {2016},
}

@Article{guide2013,
  author  = {Guide, Bruno},
  title   = {Construção de um silabificador probabilístico para o português brasileiro.},
  journal = {Iniciação científica pela Universidade de São Paulo},
  year    = {2013},
}

@InProceedings{bird2006nltk,
  author       = {Bird, Steven},
  title        = {NLTK: the natural language toolkit},
  booktitle    = {Proceedings of the COLING/ACL on Interactive presentation sessions},
  year         = {2006},
  pages        = {69--72},
  organization = {Association for Computational Linguistics},
}

@Article{vrehuuvrek2011gensim,
  author  = {Rehurek, R and Sojka, P},
  title   = {Gensim--Python Framework for Vector Space Mo delling},
  journal = {NLP Centre, Faculty of Informatics, Masaryk University, Brno, Czech Republic},
  year    = {2011},
}

@Article{pedregosa2011scikit,
  author  = {Pedregosa, Fabian and Varoquaux, Ga{\"e}l and Gramfort, Alexandre and Michel, Vincent and Thirion, Bertrand and Grisel, Olivier and Blondel, Mathieu and Prettenhofer, Peter and Weiss, Ron and Dubourg, Vincent and others},
  title   = {Scikit-learn: Machine learning in Python},
  journal = {Journal of Machine Learning Research},
  year    = {2011},
  volume  = {12},
  number  = {Oct},
  pages   = {2825--2830},
}

@Article{myers2015choosing,
  author    = {Myers, Daniel and McGuffee, James W},
  title     = {Choosing scrapy},
  journal   = {Journal of Computing Sciences in Colleges},
  year      = {2015},
  volume    = {31},
  number    = {1},
  pages     = {83--89},
  publisher = {Consortium for Computing Sciences in Colleges},
}

@Article{mckinney2014pandas,
  author  = {McKinney, W},
  title   = {Pandas, Python Data Analysis Library. 2015},
  journal = {Reference Source},
  year    = {2014},
}

@InProceedings{van2007python,
  author    = {Van Rossum, Guido and others},
  title     = {Python Programming Language.},
  booktitle = {USENIX Annual Technical Conference},
  year      = {2007},
  volume    = {41},
  pages     = {36},
}

@Article{abadi2016tensorflow,
  author  = {Abadi, Mart{\'\i}n and Agarwal, Ashish and Barham, Paul and Brevdo, Eugene and Chen, Zhifeng and Citro, Craig and Corrado, Greg S and Davis, Andy and Dean, Jeffrey and Devin, Matthieu and others},
  title   = {Tensorflow: Large-scale machine learning on heterogeneous distributed systems},
  journal = {arXiv preprint arXiv:1603.04467},
  year    = {2016},
}

@Article{hunter2007matplotlib,
  author    = {Hunter, John D},
  title     = {Matplotlib: A 2D graphics environment},
  journal   = {Computing In Science \& Engineering},
  year      = {2007},
  volume    = {9},
  number    = {3},
  pages     = {90--95},
  publisher = {IEEE},
}

@InProceedings{de2012openwordnet,
  author    = {de Paiva, Valeria and Rademaker, Alexandre and de Melo, Gerard},
  title     = {OpenWordNet-PT: An Open Brazilian Wordnet for Reasoning.},
  booktitle = {COLING (Demos)},
  year      = {2012},
  pages     = {353--360},
}

@Misc{ferreira1995dicionario,
  author    = {Ferreira, Aur{\'e}lio BH},
  title     = {Dicion{\'a}rio Aur{\'e}lio b{\'a}sico da l{\'\i}ngua portuguesa},
  year      = {1995},
  publisher = {Editora Nova Fronteira},
}

@Misc{wikipedia,
  author = {Wikipedia, Foundation},
  title  = {Wikipedia em português para Download},
  year   = {2017},
  url    = {http://wiki.kiwix.org/wiki/Content_in_all_languages/pt},
}

@book{landauer2006latent,
  title={Latent semantic analysis},
  author={Landauer, Thomas K},
  year={2006},
  publisher={Wiley Online Library}
}

@inproceedings{pennington2014glove,
  title={Glove: Global vectors for word representation},
  author={Pennington, Jeffrey and Socher, Richard and Manning, Christopher},
  booktitle={Proceedings of the 2014 conference on empirical methods in natural language processing (EMNLP)},
  pages={1532--1543},
  year={2014}
}

@Comment{jabref-meta: databaseType:bibtex;}
