% Encoding: UTF-8


@Article{berber2000,
  Title                    = {O que {\'e} um corpus representativo},
  Author                   = {Berber Sardinha, Tony},
  Journal                  = {Direct Papers},
  Year                     = {2000},
  Volume                   = {44},

  Owner                    = {Bruno},
  Timestamp                = {2015.07.22}
}

@Book{bird2009,
  Title                    = {Natural language processing with Python},
  Author                   = {Bird, Steven and Klein, Ewan e Loper, Edward},
  Publisher                = {" O'Reilly Media, Inc."},
  Year                     = {2009},

  Owner                    = {Bruno},
  Timestamp                = {2016.07.06}
}

@Book{bisol2005,
  Title                    = {Introdução a estudos de fonologia do português brasileiro},
  Author                   = {Bisol, Leda},
  Publisher                = {Edipucrs},
  Year                     = {2005},

  Owner                    = {Bruno},
  Timestamp                = {2016.07.04}
}

@Article{bisol1992,
  Title                    = {O acento e o pé métrico binário},
  Author                   = {Leda Bisol},
  Journal                  = {Caderno de Estudos Linguisticos n 22 ed UNICAMP – Campinas},
  Year                     = {1992},

  Owner                    = {Bruno},
  Timestamp                = {2015.07.20}
}

@Book{bybee2003,
  Title                    = {Phonology and language use},
  Author                   = {Bybee, Joan},
  Publisher                = {Cambridge University Press},
  Year                     = {2003},
  Volume                   = {94},

  Owner                    = {Bruno},
  Timestamp                = {2015.07.22}
}

@Book{camara1975,
  Title                    = {História e estrutura da língua portuguesa},
  Author                   = {Câmara, Joaquim Mattoso},
  Publisher                = {Padrão-Livraria Editora},
  Year                     = {1975}
}

@Article{cantoni2009,
  Title                    = {O acento no portugu{\^e}s brasileiro segundo uma abordagem baseada no uso},
  Author                   = {Cantoni, Maria Mendes},
  Journal                  = {Proceedings of 56o Seminario do GEL},
  Year                     = {2009},
  Pages                    = {93--102},

  Owner                    = {Bruno},
  Timestamp                = {2015.07.22}
}

@InBook{Collis2005,
  Title                    = {Introdução a Estudos de Fonologia do Português Brasileiro},
  Author                   = {Collischonn, Gisela},
  Chapter                  = {O Acento em Português},
  Editor                   = {Bisol, Leda},
  Pages                    = {125-158},
  Publisher                = {Edipucrs},
  Year                     = {2005},

  Owner                    = {Bruno},
  Timestamp                = {2016.07.04}
}

@InCollection{sep-models-science,
  Title                    = {Models in Science},
  Author                   = {Frigg, Roman and Hartmann, Stephan},
  Booktitle                = {The Stanford Encyclopedia of Philosophy},
  Year                     = {2012},
  Edition                  = {Fall 2012},
  Editor                   = {Edward N. Zalta},

  HowPublished             = {\url{http://plato.stanford.edu/archives/fall2012/entries/models-science/}}
}

@Article{gamallo2013,
  Title                    = {FreeLing e TreeTagger: um estudo comparativo no {\^a}mbito do Portugu{\^e}s},
  Author                   = {Gamallo, Pablo and Garcia, Marcos},
  Year                     = {2013},

  Owner                    = {Bruno},
  Timestamp                = {2015.07.22}
}

@Book{goldsmith2011,
  Title                    = {The handbook of phonological theory},
  Author                   = {Goldsmith, John A and Riggle, Jason and Alan, CL},
  Publisher                = {John Wiley \& Sons},
  Year                     = {2011},
  Volume                   = {75},

  Owner                    = {Bruno},
  Timestamp                = {2015.07.22}
}

@Article{gonccalves2007,
  Title                    = {Banco de dados Iboruna: amostras eletr{\^o}nicas do portugu{\^e}s falado no interior paulista},
  Author                   = {Gonçalves, SCL},
  Journal                  = {S{\~a}o Jos{\'e} do Rio Preto:[sn]},
  Year                     = {2007},

  Owner                    = {Bruno},
  Timestamp                = {2015.07.22}
}

@Book{gries2013,
  Title                    = {Statistics for linguistics with R: a practical introduction},
  Author                   = {Gries, Stefan Th},
  Publisher                = {Walter de Gruyter},
  Year                     = {2013},

  Owner                    = {Bruno},
  Timestamp                = {2015.07.22}
}

@Article{harnad1989,
  Title                    = {Minds, machines and Searle},
  Author                   = {Harnad, Stevan},
  Journal                  = {Journal of Experimental \& Theoretical Artificial Intelligence},
  Year                     = {1989},
  Number                   = {1},
  Pages                    = {5--25},
  Volume                   = {1},

  Publisher                = {Taylor \& Francis}
}

@Article{hayes1983,
  Title                    = {A grid-based theory of English meter},
  Author                   = {Hayes, Bruce},
  Journal                  = {Linguistic Inquiry},
  Year                     = {1983},
  Pages                    = {357--393},

  Owner                    = {Bruno},
  Publisher                = {JSTOR},
  Timestamp                = {2015.07.22}
}

@Article{hermans2012,
  Title                    = {Productive and unproductive stress patterns in Brazilian Portuguese},
  Author                   = {Hermans, BJH and Wetzels, W.L.},
  Journal                  = {Revista Letras},
  Year                     = {2012},
  Volume                   = {28},

  Owner                    = {Bruno},
  Timestamp                = {2015.07.20}
}

@Book{houaiss2001,
  Title                    = {Dicionário eletrônico Houaiss da língua portuguesa},
  Author                   = {Houaiss, Antônio},
  Publisher                = {Ed. Objetiva},
  Year                     = {2001}
}

@Article{hyman2010,
  Title                    = {Do all Languages have word accent? Or: What's so great about being universal?},
  Author                   = {Hyman, L. M.},
  Journal                  = {UC Berkeley Phonology Lab Annual Report},
  Year                     = {2010},

  Owner                    = {Bruno},
  Timestamp                = {2015.07.20}
}

@Article{hyman2006,
  Title                    = {Word-prosodic typology},
  Author                   = {Hyman, Larry M},
  Journal                  = {Phonology},
  Year                     = {2006},
  Number                   = {02},
  Pages                    = {225--257},
  Volume                   = {23},

  Owner                    = {Bruno},
  Publisher                = {Cambridge Univ Press},
  Timestamp                = {2015.07.22}
}

@Book{jurafsky2000,
  Title                    = {Speech \& language processing},
  Author                   = {Jurafsky, Dan and Martin, James H},
  Publisher                = {Pearson Education India},
  Year                     = {2000},

  Owner                    = {Bruno},
  Timestamp                = {2015.07.22}
}

@Article{kager1995,
  Title                    = {The metrical theory of word stress},
  Author                   = {Kager, Ren{\'e}},
  Year                     = {1995},

  Owner                    = {Bruno},
  Publisher                = {Blackwell},
  Timestamp                = {2015.07.22}
}

@Article{krenn1997,
  Title                    = {The linguist's guide to statistics},
  Author                   = {Krenn, Brigitte and Samuelsson, Christer},
  Journal                  = {Manuscript, University of Saarbr{\"u}cken},
  Year                     = {1997}
}

@PhdThesis{lee1995,
  Title                    = {Morfologia e fonologia lexical do português do Brasil. 1995. 201 f},
  Author                   = {Lee, Seung-Hwa},
  School                   = {Tese (Doutorado em Linguística)--Instituto de Estudos da Linguagem, Universidade Estadual de Campinas, Campinas},
  Year                     = {1995},

  Owner                    = {Bruno},
  Timestamp                = {2016.07.04}
}

@PhdThesis{leite1974,
  Title                    = {Portuguese stress and related rules. 1974. 304f},
  Author                   = {Leite, Yone},
  School                   = {Tese (Doutorado em Linguística)--Faculdade de Letras, Universidade de Texas, Austin},
  Year                     = {1974}
}

@Article{liberman1977,
  Title                    = {On stress and linguistic rhythm},
  Author                   = {Liberman, Mark and Prince, Alan},
  Journal                  = {Linguistic inquiry},
  Year                     = {1977},
  Pages                    = {249--336},

  Owner                    = {Bruno},
  Publisher                = {JSTOR},
  Timestamp                = {2015.07.22}
}

@PhdThesis{Lopez1979,
  Title                    = {The sound pattern of Brazilian Portuguese},
  Author                   = {Lopez, Barbara S.},
  School                   = {University of California: Los Angeles},
  Year                     = {1979},

  Owner                    = {Bruno},
  Timestamp                = {2016.07.04}
}

@Article{Major1985,
  Title                    = {Stress and Rhythm in Brazilian Portuguese},
  Author                   = {Roy C. Major},
  Journal                  = {Language},
  Year                     = {1985},
  Number                   = {2},
  Pages                    = {259-282},
  Volume                   = {61},

  Abstract                 = {Brazilian Portuguese prosody is organized in a rhythmic hierarchy which governs the phonology of the language, and which is demonstrated by instrumental and phonological evidence to be present diachronically and synchronically in different speech styles. Principles of stress, which yield two degrees, assign secondary stress to pretonic syllables and no stress to posttonic syllables. From this follows the relationship pretonic ⊃ posttonic-which means that, in a given style, any reductive process necessarily operates posttonically before it can operate pretonically. From this hierarchical relationship, vowel quality and syllable weight are predictable. However, the hierarchy may be disrupted slightly to accommodate the tendency toward stress-timing and an alternating strong/weak pattern.},
  ISSN                     = {00978507, 15350665},
  Publisher                = {Linguistic Society of America},
  Url                      = {http://www.jstor.org/stable/414145}
}

@InCollection{manning2011,
  Title                    = {Part-of-speech tagging from 97\% to 100\%: is it time for some linguistics?},
  Author                   = {Manning, Christopher D},
  Booktitle                = {Computational Linguistics and Intelligent Text Processing},
  Publisher                = {Springer},
  Year                     = {2011},
  Pages                    = {171--189},

  Owner                    = {Bruno},
  Timestamp                = {2015.07.22}
}

@Book{manning1999,
  Title                    = {Foundations of statistical natural language processing},
  Author                   = {Manning, Christopher D e Schutze, Hinrich},
  Publisher                = {MIT press},
  Year                     = {1999},

  Owner                    = {Bruno},
  Timestamp                = {2016.07.06}
}

@Book{Mateus1975,
  Title                    = {Aspectos da Fonologia do Português},
  Author                   = {Mateus, Maria Helena M.},
  Publisher                = {Instituto Nacional de Investigação Científica},
  Year                     = {1975},

  Owner                    = {Bruno},
  Timestamp                = {2016.07.04}
}

@Article{mendes2012,
  Title                    = {O paulistano no mapa sociolingu{\'\i}stico brasileiro},
  Author                   = {Mendes, Ronald Beline and Oushiro, L{\'\i}via},
  Journal                  = {ALFA: Revista de Lingu{\'\i}stica},
  Year                     = {2012},
  Number                   = {3},
  Volume                   = {56},

  Owner                    = {Bruno},
  Publisher                = {SciELO Brasil},
  Timestamp                = {2015.07.22}
}

@Article{de2003,
  Title                    = {A s{\'\i}laba em fonologia},
  Author                   = {de Mendonça, Clara Simone Ign{\'a}cio},
  Journal                  = {Working Papers em Ling{\"u}{\'\i}stica},
  Year                     = {2003},
  Number                   = {1},
  Pages                    = {21--40},
  Volume                   = {7}
}

@Article{michel2011,
  Title                    = {The Google Books Team, Joseph P},
  Author                   = {Michel, Jean-Baptiste and Shen, Yuan Kui and Aiden, Aviva Presser and Veres, Adrian and Gray, Matthew K and Brockman, William},
  Journal                  = {Pickett, Dale Hoiberg, Dan Clancy, Peter Norvig, Jon Orwant, Steven Pinker, Martin A. Nowak, and Erez Lieberman Aiden},
  Year                     = {2011},
  Pages                    = {176--182}
}

@Other{norvig2011,
  Title                    = {On Chomsky and the Two Cultures of Statistical Learning},
  Address                  = {http://norvig.com/chomsky.html},
  Author                   = {Norvig, Peter},
  Owner                    = {Bruno},
  Timestamp                = {2016.07.07},
  Year                     = {2011}
}

@Article{paixao2007,
  Title                    = {E-Dictor: Uma ferramenta para a anota{\c{c}}{\~a}o de edi{\c{c}}{\~a}o especializada em XML},
  Author                   = {Paix{\~a}o de Sousa, MC and Kepler, FN},
  Journal                  = {VII Encontro de Ling{\"u}{\'\i}stica de Corpus (S{\~a}o Paulo, USP)},
  Year                     = {2007},

  Owner                    = {Bruno},
  Timestamp                = {2015.07.22}
}

@Article{pierrehumbert2001,
  Title                    = {Stochastic phonology},
  Author                   = {Pierrehumbert, Janet},
  Journal                  = {Glot International},
  Year                     = {2001},
  Number                   = {6},
  Pages                    = {195--207},
  Volume                   = {5},

  Owner                    = {Bruno},
  Publisher                = {Citeseer},
  Timestamp                = {2015.07.22}
}

@Article{raso2015,
  Title                    = {O projeto C-ORAL-BRASIL},
  Author                   = {Raso, Tommaso and Mello, Heliana and Mittmann, Maryual{\^e}},
  Journal                  = {CHIMERA: Romance Corpora and Linguistic Studies},
  Year                     = {2015},
  Number                   = {1},
  Pages                    = {31--67},

  Owner                    = {Bruno},
  Timestamp                = {2015.07.22}
}

@InProceedings{schmid1994,
  Title                    = {Probabilistic part-of-speech tagging using decision trees},
  Author                   = {Schmid, Helmut},
  Booktitle                = {Proceedings of the international conference on new methods in language processing},
  Year                     = {1994},
  Organization             = {Citeseer},
  Pages                    = {44--49},
  Volume                   = {12},

  Owner                    = {Bruno},
  Timestamp                = {2015.07.22}
}

@Article{silveira2007,
  Title                    = {Vogal epent{\'e}tica no portugu{\^e}s Brasileiro: um estudo ac{\'u}stico em encontros consonantais},
  Author                   = {Silveira, Francine and others},
  Year                     = {2007},

  Owner                    = {Bruno},
  Publisher                = {Florian{\'o}polis, SC},
  Timestamp                = {2015.07.22}
}

@Article{simoes2001,
  Title                    = {jspell. pm: um m{\'o}dulo de an{\'a}lise morfol{\'o}gica para uso em processamento de linguagem natural},
  Author                   = {Sim{\~o}es, Alberto and Almeida, Jos{\'e} Jo{\~a}o},
  Year                     = {2001},

  Owner                    = {Bruno},
  Publisher                = {Associa{\c{c}}{\~a}o Portuguesa de Lingu{\'\i}stica},
  Timestamp                = {2015.07.22}
}

@Article{vigario2010,
  Title                    = {A frequ{\^e}ncia que conta na aquisi{\c{c}}{\~a}o da fonologia: types ou tokens},
  Author                   = {Vig{\'a}rio, Marina and Frota, S{\'o}nia and Martins, Fernando},
  Journal                  = {Textos Seleccionados. XXV Encontro Nacional da Associa{\c{c}}{\~a}o Portuguesa de Lingu{\'\i}stica. Porto: Associa{\c{c}}{\~a}o Portuguesa de Lingu{\'\i}stica},
  Year                     = {2010},
  Pages                    = {749--767},

  Owner                    = {Bruno},
  Timestamp                = {2015.07.22}
}

@Misc{dictionary1913webster,
  Title                    = {Webster’s revised unabridged dictionary},

  Author                   = {Webster, Dictionary},
  Year                     = {1913},

  Publisher                = {C. \& G. Merriam Co. Springfield, Massachusetts, USA}
}

@Article{Benevides17,
  author  = {Benevides, Aline e Guide, Bruno},
  title   = {Corpus ABG},
  journal = {Texto Livre: Linguagem e Tecnologia, Vol.10 n.1},
  year    = {2017},
}

@MastersThesis{Guide2016,
  author = {Guide, Bruno Ferrari},
  title  = {Abordagem computacional para a questão do acento no Português Brasileiro},
  school = {Universidade de São Paulo},
  year   = {2016},
}

@Book{campbell2013historical,
  title     = {Historical Linguistics},
  publisher = {Edinburgh University Press},
  year      = {2013},
  author    = {Campbell, L.},
  isbn      = {9780748675593},
  url       = {https://books.google.com.br/books?id=6pskDQAAQBAJ},
}

@Book{crowley2010introduction,
  title     = {An Introduction to Historical Linguistics},
  publisher = {OUP USA},
  year      = {2010},
  author    = {Crowley, T. and Bowern, C.},
  isbn      = {9780195365542},
  lccn      = {2008048617},
  url       = {https://books.google.com.br/books?id=\_N8v-s6fyt0C},
}

@Article{navarro2001guided,
  author    = {Navarro, Gonzalo},
  title     = {A guided tour to approximate string matching},
  journal   = {ACM computing surveys (CSUR)},
  year      = {2001},
  volume    = {33},
  number    = {1},
  pages     = {31--88},
  publisher = {ACM},
}

@Article{swadesh1955towards,
  author    = {Swadesh, Morris},
  title     = {Towards greater accuracy in lexicostatistic dating},
  journal   = {International journal of American linguistics},
  year      = {1955},
  volume    = {21},
  number    = {2},
  pages     = {121--137},
  publisher = {Indiana University},
}

@Article{serva2008indo,
  author    = {Serva, Maurizio and Petroni, Filippo},
  title     = {Indo-European languages tree by Levenshtein distance},
  journal   = {EPL (Europhysics Letters)},
  year      = {2008},
  volume    = {81},
  number    = {6},
  pages     = {68005},
  publisher = {IOP publishing},
}

@Article{petroni2008language,
  author    = {Petroni, Filippo and Serva, Maurizio},
  title     = {Language distance and tree reconstruction},
  journal   = {Journal of Statistical Mechanics: Theory and Experiment},
  year      = {2008},
  volume    = {2008},
  number    = {08},
  pages     = {P08012},
  publisher = {IOP Publishing},
}

@Book{mcmahon2005language,
  title     = {Language classification by numbers},
  publisher = {Oxford University Press on Demand},
  year      = {2005},
  author    = {McMahon, April and McMahon, Robert},
}

@InProceedings{levenshtein1966binary,
  author    = {Levenshtein, Vladimir I},
  title     = {Binary codes capable of correcting deletions, insertions, and reversals},
  booktitle = {Soviet physics doklady},
  year      = {1966},
  volume    = {10},
  pages     = {707--710},
}

@Comment{jabref-meta: databaseType:bibtex;}
